<record><leader>00000cas a22000007a 4500</leader><controlfield tag="001">13118992</controlfield><controlfield tag="008">860207c19739999wvudr ne      0    0eng d</controlfield><datafield ind1=" " ind2=" " tag="010"><subfield code="a">sn 86092154 </subfield></datafield><datafield ind1=" " ind2=" " tag="040"><subfield code="a">WVC</subfield><subfield code="b">eng</subfield><subfield code="c">WVC</subfield><subfield code="d">OCL</subfield><subfield code="d">NVK</subfield><subfield code="d">OCLCQ</subfield><subfield code="d">CUS</subfield></datafield><datafield ind1="1" ind2=" " tag="029"><subfield code="a">AU@</subfield><subfield code="b">000020128488</subfield></datafield><datafield ind1="1" ind2=" " tag="029"><subfield code="a">NZ1</subfield><subfield code="b">16072356</subfield></datafield><datafield ind1=" " ind2=" " tag="042"><subfield code="a">msc</subfield></datafield><datafield ind1=" " ind2="4" tag="050"><subfield code="a">AN</subfield></datafield><datafield ind1="0" ind2=" " tag="130"><subfield code="a">Dominion post (Morgantown, W. Va. : Evening)</subfield></datafield><datafield ind1="1" ind2="0" tag="245"><subfield code="a">Dominion post.</subfield></datafield><datafield ind1=" " ind2=" " tag="250"><subfield code="a">[Evening ed.].</subfield></datafield><datafield ind1=" " ind2=" " tag="260"><subfield code="a">Morgantown, W. Va. :</subfield><subfield code="b">West Virginia Newspaper Publ. Co.,</subfield><subfield code="c">1973-</subfield></datafield><datafield ind1=" " ind2=" " tag="300"><subfield code="a">v.</subfield></datafield><datafield ind1=" " ind2=" " tag="310"><subfield code="a">Daily</subfield></datafield><datafield ind1=" " ind2=" " tag="336"><subfield code="a">text</subfield><subfield code="b">txt</subfield><subfield code="2">rdacontent</subfield></datafield><datafield ind1=" " ind2=" " tag="337"><subfield code="a">unmediated</subfield><subfield code="b">n</subfield><subfield code="2">rdamedia</subfield></datafield><datafield ind1=" " ind2=" " tag="338"><subfield code="a">volume</subfield><subfield code="b">cr</subfield><subfield code="2">rdacarrier</subfield></datafield><datafield ind1="0" ind2=" " tag="362"><subfield code="a">July 26, 1973-</subfield></datafield><datafield ind1=" " ind2=" " tag="500"><subfield code="a">Published in the morning, 1976-</subfield></datafield><datafield ind1=" " ind2=" " tag="580"><subfield code="a">Issued also in morning editions entitled: Dominion post (Morgantown, W. Va. : Morning), 1973-1976; and: Morning reporter, 1976-1978.</subfield></datafield><datafield ind1=" " ind2=" " tag="580"><subfield code="a">Morning and evening editions of Dominion post were formed by the union of: Dominion-News, and: Morgantown post (Morgantown, W. Va. : 1918 : Daily).</subfield></datafield><datafield ind1=" " ind2=" " tag="580"><subfield code="a">Absorbed in 1978: Morning reporter (Morgantown, W. Va.).</subfield></datafield><datafield ind1=" " ind2=" " tag="752"><subfield code="a">United States</subfield><subfield code="b">West Virginia</subfield><subfield code="c">Monongalia</subfield><subfield code="d">Morgantown.</subfield></datafield><datafield ind1="1" ind2=" " tag="775"><subfield code="t">Dominion post (Morgantown, W. Va. : Morning)</subfield><subfield code="w">(DLC)sn 86092155</subfield></datafield><datafield ind1="1" ind2=" " tag="775"><subfield code="t">Morning reporter (Morgantown, W. Va.)</subfield><subfield code="w">(DLC)sn 86092156</subfield></datafield><datafield ind1="1" ind2="4" tag="780"><subfield code="t">Dominion-News</subfield><subfield code="w">(DLC)sn 86092153</subfield></datafield><datafield ind1="1" ind2="4" tag="780"><subfield code="t">Morgantown post (Morgantown, W. Va. : 1918 : Daily)</subfield><subfield code="w">(DLC)sn 86092170</subfield></datafield><datafield ind1="1" ind2="5" tag="780"><subfield code="t">Morning reporter (Morgantown, W. Va.)</subfield><subfield code="w">(DLC)sn 86092156</subfield></datafield><datafield ind1="4" ind2="1" tag="856"><subfield code="3">EBSCOhost: 07/12/2005 to present</subfield><subfield code="u">http://search.ebscohost.com/login.aspx?direct=true&amp;db=nfh&amp;jn=Dominion+Post,+The+(Morgantown,+WV)&amp;site=ehost-live&amp;scope=site</subfield></datafield></record>